@misc{helwer2018quantum,
	author = {Andrew Helwer},
	title = {Quantum Computing for Computer Scientists},
	publisher = {Microsoft Research Talks},
	year = 2018,
	howpublished = "Available at \url{https://www.microsoft.com/en-us/research/video/quantum-computing-computer-scientists/}"
}

@Article{Broda2016,
	author="Broda, Bogus{\l}aw",
	title="Quantum search of a real unstructured database",
	journal="The European Physical Journal Plus",
	year="2016",
	month="Feb",
	day="19",
	volume="131",
	number="2",
	pages="38",
	abstract="A simple circuit implementation of the oracle for Grover's quantum search of a real unstructured classical database is proposed. The oracle contains a kind of quantumly accessible classical memory, which stores the database.",
	issn="2190-5444",
	doi="10.1140/epjp/i2016-16038-2",
	url="https://doi.org/10.1140/epjp/i2016-16038-2"
}

@ARTICLE{1425397, 
	author={G. F. {Viamontes} and I. L. {Markov} and J. P. {Hayes}}, 
	journal={Computing in Science Engineering}, 
	title={Is quantum search practical?}, 
	year={2005}, 
	volume={7}, 
	number={3}, 
	pages={62-70}, 
	keywords={quantum computing;search problems;Grover quantum search algorithm;Quantum computing;Quantum entanglement;Databases;Polynomials;Algorithm design and analysis;Query processing;Runtime;Concurrent computing;Parallel processing;Performance evaluation;algorithms;Web search;quantum}, 
	doi={10.1109/MCSE.2005.53}, 
	ISSN={1521-9615}, 
	month={May},
}

@article{Zalka2000,
	author = {Zalka, Christof},
	year = {2000},
	month = {10},
	pages = {52305},
	title = {Using Grover's quantum algorithm for searching actual databases},
	volume = {62},
	journal = {Physical Review A},
	doi = {10.1103/PhysRevA.62.052305}
}

@misc{stackexchange1,
	title = "How is the oracle in Grover's search algorithm implemented?",
	publisher = "Stack Exchange",
	howpublished = "\url{https://quantumcomputing.stackexchange.com/questions/175/how-is-the-oracle-in-grovers-search-algorithm-implemented}",
	year = 2018
}

@misc{stackexchange2,
	title = "Grover's algorithm: what to input to Oracle?",
	publisher = "Stack Exchange",
	howpublished = "\url{https://quantumcomputing.stackexchange.com/questions/2149/grovers-algorithm-what-to-input-to-oracle}",
	year = 2018
}

@misc{stackexchange3,
	title = "Grover's algorithm: where is the list?",
	publisher = "Stack Exchange",
	howpublished = "\url{https://quantumcomputing.stackexchange.com/questions/2110/grovers-algorithm-where-is-the-list}",
	year = 2018
}

@article{alsing2011grover,
	author = {Alsing, P and McDonald, Nathan},
	year = {2011},
	month = {05},
	pages = {},
	title = {Grover's search algorithm with an entangled database state},
	journal = {Proceedings of SPIE - The International Society for Optical Engineering},
	doi = {10.1117/12.883092}
}

@article{Boyer1998,
	author = {Boyer, Michel and Brassard, Gilles and Høyer, Peter and Tapp, Alain},
	title = {Tight Bounds on Quantum Searching},
	journal = {Fortschritte der Physik},
	volume = {46},
	number = {4‐5},
	pages = {493-505},
	doi = {10.1002/(SICI)1521-3978(199806)46:4/5<493::AID-PROP493>3.0.CO;2-P},
	url = {https://onlinelibrary.wiley.com/doi/abs/10.1002/%28SICI%291521-3978%28199806%2946%3A4/5%3C493%3A%3AAID-PROP493%3E3.0.CO%3B2-P},
	eprint = {https://onlinelibrary.wiley.com/doi/pdf/10.1002/%28SICI%291521-3978%28199806%2946%3A4/5%3C493%3A%3AAID-PROP493%3E3.0.CO%3B2-P},
	year = {1998}
}

@article{montanaro2016quantum,
	title={Quantum algorithms: an overview},
	author={Montanaro, Ashley},
	journal={npj Quantum Information},
	volume={2},
	pages={15023},
	year={2016},
	publisher={Nature Publishing Group}
}

@inproceedings{Aharonov:2001:QWG:380752.380758,
	author = {Aharonov, Dorit and Ambainis, Andris and Kempe, Julia and Vazirani, Umesh},
	title = {Quantum Walks on Graphs},
	booktitle = {Proceedings of the Thirty-third Annual ACM Symposium on Theory of Computing},
	series = {STOC '01},
	year = {2001},
	isbn = {1-58113-349-9},
	location = {Hersonissos, Greece},
	pages = {50--59},
	numpages = {10},
	url = {http://doi.acm.org/10.1145/380752.380758},
	doi = {10.1145/380752.380758},
	acmid = {380758},
	publisher = {ACM},
	address = {New York, NY, USA},
}

@article{childs2004spatial,
	title={Spatial search by quantum walk},
	author={Childs, Andrew M and Goldstone, Jeffrey},
	journal={Physical Review A},
	volume={70},
	number={2},
	pages={022314},
	year={2004},
	publisher={APS}
}

@inproceedings{Grover:1996:FQM:237814.237866,
	author = {Grover, Lov K.},
	title = {A Fast Quantum Mechanical Algorithm for Database Search},
	booktitle = {Proceedings of the Twenty-eighth Annual ACM Symposium on Theory of Computing},
	series = {STOC '96},
	year = {1996},
	isbn = {0-89791-785-5},
	location = {Philadelphia, Pennsylvania, USA},
	pages = {212--219},
	numpages = {8},
	url = {http://doi.acm.org/10.1145/237814.237866},
	doi = {10.1145/237814.237866},
	acmid = {237866},
	publisher = {ACM},
	address = {New York, NY, USA},
} 

@article{lavor2003grover,
	title={Grover's Algorithm: quantum database search},
	author={Lavor, Carlile and Manssur, LRU and Portugal, Renato},
	journal={arXiv preprint quant-ph/0301079},
	year={2003}
}

@book{Colin2011Explorations,
	title =     {Explorations in Quantum Computing},
	author =    {Colin P. Williams},
	publisher = {Springer},
	isbn =      {184628886X,9781846288869,9781846288876},
	year =      {2011},
	series =    {Texts in Computer Science},
	edition =   {2nd}
}