@article{Kempe_2003,
   title={Quantum random walks: An introductory overview},
   volume={44},
   ISSN={1366-5812},
   url={http://dx.doi.org/10.1080/00107151031000110776},
   DOI={10.1080/00107151031000110776},
   number={4},
   journal={Contemporary Physics},
   publisher={Informa UK Limited},
   author={Kempe, J},
   year={2003},
   month={Jul},
   pages={307–327}
}

@misc{douglas2007efficient,
    title={Efficient quantum circuit implementation of quantum walks},
    author={B. L. Douglas and J. B. Wang},
    year={2007},
    eprint={0706.0304},
    archivePrefix={arXiv},
    primaryClass={quant-ph}
}

@BOOK{6812670, author={S. {Venegas-Andraca}}, booktitle={Quantum Walks for Computer Scientists}, title={Quantum Walks for Computer Scientists}, year={2008}, volume={}, number={}, pages={},} 

@inbook{nielsen_chuang_2010, place={Cambridge}, title={Quantum circuits}, DOI={10.1017/CBO9780511976667.008}, booktitle={Quantum Computation and Quantum Information: 10th Anniversary Edition}, publisher={Cambridge University Press}, author={Nielsen, Michael A. and Chuang, Isaac L.}, year={2010}, pages={171–215}}
