@article{csp3SAT,
	author = {K. Kutzkov and D.Scheder},
	title = {\emph{Using Constraint Satisfaction To Improve Deterministic 3-SAT}},
	year = {2018},
}


@article{cv3SAT,
	author = {T. Hertli and R. A. Moser},
	title = {Improving PPSZ for 3-SAT using Critical Variables},
	year = {2018},
}

@article{der3SAT,
	author = {K. Makino, S. Tamaki and M. Yamamoto},
	title = {Derandomizing HSSW algorithm for 3-SAT},
	year = {2011},
}

@book{bookA&C,
	author = {O. Cheong, K. Y. Chwa and K. Park},
	title = {Algorithms and Computations},
	year = {2010},
	publisher = {Springler},
}

@article{CookSAT,
	author = {Stephen A. Cook},
	title = {The Complexity of Theorem-Proving Procedures},
	year = {1971},
}

@article{newNP,
	author = {M. Ohya and Igor V. Volovich},
	title = {New quantum algorithm for studying NP-complete problems},
	year = {2018},
}

@article{introNoPh,
	author = {Giacomo Nannicini},
	title = {An Introduction to Quantum Computing, Without the Physics},
	year = {2020},
}

@article{grover,
	author = {Lov K. Grover},
	title = {A fast quantum mechanical algorithm for database search},
	year = {1996},
}

@article{quantumNP,
	author = {M. Ohya and N.Masuda},
	title = {NP Problem in Quantum Algorithm},
	year = {2018},
}

@article{physicalNP,
	author = {Scott Aaronson},
	title = {NP-complete roblems and Physical Reality},
	year = {2005},
}

@article{recSAT,
	author = {E. Dantsin, V. Kreinovich and A. Wolpert},
	title = {On Quantum Versions of Record-Breaking Algorithms for SAT},
	year = {2005},
}

@article{quantumFeynman,
	author = {Richard P. Feynman},
	title = {Quantum Mechanical Computers},
	year = {1986},
}

@misc{qiskitTextbook,
	title = {Qiskit Textbook},
	note = {\url{https://qiskit.org/textbook/}},
}